@inproceedings{studyMagicSquare,
    author = {Ramashankar Prajapati and Jayesh Jain},
    year = {2017},
    month = {March},
    pages = {4},
    title = {A STUDY ON MAGIC SQUARES},
    booktitle = {5th National Conference on Role of Engineers in Nation Building},
}

@article{historyRamanujan,
  author = {Jeffery Phillips},
  title = {Ramanujan â€“ a humble maths genius},
  journal = {Cosmos: The Science of Everything},
  year = {2015},
  pages = {2},
  month = {December},
  DOI = {https://cosmosmagazine.com/mathematics/ramanujan-humble-maths-genius},
}

@misc{magicSquare,
    author = {Antonsusi},
    title  = {Ramanujan's Magic Square},
    howpublished = {\url{https://commons.wikimedia.org/wiki/File:Magic_Square_Ramanujan.svg}},
    month = {March},
    year = {2016},
}

@misc{ramanujanSquare,
  author = {Arun J. Manattu},
  title = {What is Srinivasa Ramanujan's Magic Square?},
  howpublished = {\url{https://www.quora.com/What-is-Srinivasa-Ramanujans-magic-square}},
  month = {September},
  year = {2016},
  
}
